<?xml version="1.0" encoding="UTF-8"?><record xmlns="http://www.loc.gov/MARC21/slim" xmlns:cinclude="http://apache.org/cocoon/include/1.0" xmlns:zs="http://www.loc.gov/zing/srw/">
  <leader>00628cz  a2200169n  4500</leader>
  <controlfield tag="001">no2007091458</controlfield>
  <controlfield tag="003">DLC</controlfield>
  <controlfield tag="005">20090403080604.0</controlfield>
  <controlfield tag="008">070808n| acannaabn          |n ana     c</controlfield>
  <datafield tag="010" ind1=" " ind2=" ">
    <subfield code="a">no2007091458</subfield>
  </datafield>
  <datafield tag="035" ind1=" " ind2=" ">
    <subfield code="a">(OCoLC)oca07490030</subfield>
  </datafield>
  <datafield tag="040" ind1=" " ind2=" ">
    <subfield code="a">PSt</subfield>
    <subfield code="b">eng</subfield>
    <subfield code="c">PSt</subfield>
    <subfield code="d">OCoLC</subfield>
  </datafield>
  <datafield tag="043" ind1=" " ind2=" ">
    <subfield code="a">n-us-pa</subfield>
  </datafield>
  <datafield tag="151" ind1=" " ind2=" ">
    <subfield code="a">Dreher (Pa. : Township)</subfield>
  </datafield>
  <datafield tag="670" ind1=" " ind2=" ">
    <subfield code="a">A connected warrantee township map of Sterling, Lehigh and Dreher townships in Wayne County, 1974:</subfield>
    <subfield code="b">map recto (Dreher Township)</subfield>
  </datafield>
  <datafield tag="670" ind1=" " ind2=" ">
    <subfield code="a">GNIS, Aug. 8, 2007</subfield>
    <subfield code="b">(Township of Dreher, Wayne County, Pennsylvania; civil, 41°17ʹ00ʺN, 75°22ʹ35ʺW)</subfield>
  </datafield>
  <datafield tag="781" ind1=" " ind2="0">
    <subfield code="z">Pennsylvania</subfield>
    <subfield code="z">Dreher (Township)</subfield>
  </datafield>
</record>